@BOOK{fair:TheReasonedSchemer,
 author = {Friedman, Daniel P. and Byrd, William E. and Kiselyov, Oleg},
 title = {The Reasoned Schemer},
 year = {2005},
 isbn = {0262562146},
 publisher = {The MIT Press}
}

@ARTICLE{fair:quines,
  title      = {miniKanren, Live and Untagged: Quine Generation via Relational Interpreters (Programming Pearl)},
  author     = {William E. Byrd and Eric Holk and Daniel P. Friedman},
  journal    = {Workshop on Scheme and Functional Programming},
  year       = 2012,
  language   = "english"
}

@inproceedings{fair:towardsAM,
  title      = {Towards a miniKanren with fair search strategies},
  journal    = {The miniKanren and Relational Programming Workshop},
  author     = {Kuang-Chen Lu and Weixi Ma  and Daniel P. Friedman},
  year       = {2019},
  language   = "english"
}

@inproceedings{fair:DivTest,
  author    = {Dmitri Rozplokhas and
               Dmitri Boulytchev},
  title     = {Improving Refutational Completeness of Relational Search via Divergence
               Test},
  booktitle = {Proceedings of the 20th International Symposium on Principles and
               Practice of Declarative Programming, {PPDP} 2018, Frankfurt am Main,
               Germany, September 03-05, 2018},
  pages     = {18:1--18:13},
  year      = {2018},
  url       = {https://doi.org/10.1145/3236950.3236958},
  doi       = {10.1145/3236950.3236958},
  timestamp = {Wed, 21 Nov 2018 12:44:13 +0100},
  biburl    = {https://dblp.org/rec/bib/conf/ppdp/RozplokhasB18},
  bibsource = {dblp computer science bibliography, https://dblp.org}
}